@misc{1
  , note = {\url{https://www.ros.org}}
}

@inproceedings{8794451
  , author={DeMarinis, Nicholas and Tellex, Stefanie and Kemerlis, Vasileios P. and Konidaris, George and Fonseca, Rodrigo}
  , booktitle={2019 International Conference on Robotics and Automation (ICRA)}
  , title={Scanning the Internet for ROS: A View of Security in Robotics Research}
  , year={2019}
  , volume={}
  , number={}
  , pages={8514-8521}
  , doi={10.1109/ICRA.2019.8794451}
}

@misc{3
  , title = {Object Management Group. Data Distribution Service (DDS)}
  , note = {\url{https://www.omg.org/omg-dds-portal/}}
}

@misc{ros-dds-integration
  , title = {ROS 2 DDS-Security integration}
  , note = {\url{https://design.ros2.org/articles/ros2_dds_security.html}}
}

@inproceedings{
  9341085
  , author={Carvalho, Renato and Cunha, Alcino and Macedo, Nuno and Santos, André}
  , booktitle={2020 IEEE/RSJ International Conference on Intelligent Robots and Systems (IROS)} 
  , title={Verification of system-wide safety properties of ROS applications} 
  , year={2020}
  , volume={}
  , number={}
  , pages={7249-7254}
  , doi={10.1109/IROS45743.2020.9341085}
}

@inproceedings{
  8443742
  , author={Kato, Shinpei and Tokunaga, Shota and Maruyama, Yuya and Maeda, Seiya and Hirabayashi, Manato and Kitsukawa, Yuki and Monrroy, Abraham and Ando, Tomohito and Fujii, Yusuke and Azumi, Takuya}
  , booktitle={2018 ACM/IEEE 9th International Conference on Cyber-Physical Systems (ICCPS)}
  , title={Autoware on Board: Enabling Autonomous Vehicles with Embedded Systems} 
  , year={2018}
  , volume={}
  , number={}
  , pages={287-296}
  , doi={10.1109/ICCPS.2018.00035}
}

@article{
  alloy-DJ
  , author={Jackson, Daniel}
  , editor={Chien, Andrew A.}
  , title={Alloy: a language and tool for exploring software designs} 
  , year={2019}
  , volume={62}
  , pages={66–76}
  , doi={10.1145/3338843}
}

@inproceedings{
  lwspecification
  , author={Nuno Macedo and Julien Brunel and David Chemouil and Alcino Cunha and Denis Kuperberg}
  , title={Lightweight specification and analysis of dynamic systems with rich configurations} 
  , year={2016}
  , pages={373–383}
  , doi={10.1145/2950290.2950318}
}

@inproceedings{application-security-ros
  , author={Dieber, Bernhard and Kacianka, Severin and Rass, Stefan and Schartner, Peter}
  , booktitle={2016 IEEE/RSJ International Conference on Intelligent Robots and Systems (IROS)}
  , title={Application-level security for ROS-based applications}
  , year={2016}
  , volume={}
  , number={}
  , pages={4477-4482}
  , doi={10.1109/IROS.2016.7759659}
}


@inproceedings{mcclean2013preliminary
  , title={A preliminary cyber-physical security assessment of the robot operating system (ros)}
  , author={McClean, Jarrod and Stull, Christopher and Farrar, Charles and Mascarenas, David}
  , booktitle={Unmanned Systems Technology XV}
  , volume={8741}
  , pages={874110}
  , year={2013}
  , organization={International Society for Optics and Photonics}
}

@inproceedings{intro-ros
  , title={ROS: an open-source Robot Operating System}
  , author={Quigley, Morgan and Conley, Ken and Gerkey, Brian and Faust, Josh and Foote, Tully and Leibs, Jeremy and Wheeler, Rob and Ng, Andrew Y and others}
  , booktitle={ICRA workshop on open source software}
  , volume={3}
  , number={3.2}
  , pages={5}
  , year={2009}
  , organization={Kobe, Japan}
}

@misc{ros-access-control
  , title = {ROS 2 Access Control Policies}
  , author = {Ruffin White and Kyle Fazzari}
  , note = {\url{https://design.ros2.org/articles/ros2_access_control_policies.html}}
}

@misc{ros-security-enclaves
  , title = {ROS 2 Security Enclaves}
  , author = {Ruffin White and Mikael Arguedas}
  , note = {\url{https://design.ros2.org/articles/ros2_security_enclaves.html}}
}