@misc{1
  , title = {The Robot Operating System}
  , note = {\url{https://www.ros.org}}
}

@misc{alloy-6
  , title = {Alloy 6}
  , note = {\url{https://alloytools.org/alloy6.html}}
}

@misc{ros-on-dds
  , title = {ROS 2 on DDS}
  , note = {\url{https://design.ros2.org/articles/ros_on_dds.html}}
}


@inproceedings{8794451
  , author={DeMarinis, Nicholas and Tellex, Stefanie and Kemerlis, Vasileios P. and Konidaris, George and Fonseca, Rodrigo}
  , booktitle={2019 International Conference on Robotics and Automation (ICRA)}
  , title={Scanning the Internet for ROS: A View of Security in Robotics Research}
  , year={2019}
  , volume={}
  , number={}
  , pages={8514-8521}
  , doi={10.1109/ICRA.2019.8794451}
}

@misc{3
  , title = {Object Management Group. Data Distribution Service (DDS)}
  , note = {\url{https://www.omg.org/omg-dds-portal/}}
}

@misc{ros-dds-integration
  , title = {ROS 2 DDS-Security integration}
  , note = {\url{https://design.ros2.org/articles/ros2_dds_security.html}}
}

@inproceedings{
  9341085
  , author={Carvalho, Renato and Cunha, Alcino and Macedo, Nuno and Santos, André}
  , booktitle={2020 IEEE/RSJ International Conference on Intelligent Robots and Systems (IROS)} 
  , title={Verification of system-wide safety properties of ROS applications} 
  , year={2020}
  , volume={}
  , number={}
  , pages={7249-7254}
  , doi={10.1109/IROS45743.2020.9341085}
}

@inproceedings{
  8443742
  , author={Kato, Shinpei and Tokunaga, Shota and Maruyama, Yuya and Maeda, Seiya and Hirabayashi, Manato and Kitsukawa, Yuki and Monrroy, Abraham and Ando, Tomohito and Fujii, Yusuke and Azumi, Takuya}
  , booktitle={2018 ACM/IEEE 9th International Conference on Cyber-Physical Systems (ICCPS)}
  , title={Autoware on Board: Enabling Autonomous Vehicles with Embedded Systems} 
  , year={2018}
  , volume={}
  , number={}
  , pages={287-296}
  , doi={10.1109/ICCPS.2018.00035}
}

@article{
  alloy-DJ
  , author={Jackson, Daniel}
  , editor={Chien, Andrew A.}
  , title={Alloy: a language and tool for exploring software designs} 
  , year={2019}
  , volume={62}
  , pages={66–76}
  , doi={10.1145/3338843}
}

@inproceedings{
  lwspecification
  , author={Nuno Macedo and Julien Brunel and David Chemouil and Alcino Cunha and Denis Kuperberg}
  , title={Lightweight specification and analysis of dynamic systems with rich configurations} 
  , year={2016}
  , pages={373–383}
  , doi={10.1145/2950290.2950318}
}

@inproceedings{application-security-ros
  , author={Dieber, Bernhard and Kacianka, Severin and Rass, Stefan and Schartner, Peter}
  , booktitle={2016 IEEE/RSJ International Conference on Intelligent Robots and Systems (IROS)}
  , title={Application-level security for ROS-based applications}
  , year={2016}
  , volume={}
  , number={}
  , pages={4477-4482}
  , doi={10.1109/IROS.2016.7759659}
}


@inproceedings{mcclean2013preliminary
  , title={A preliminary cyber-physical security assessment of the robot operating system (ros)}
  , author={McClean, Jarrod and Stull, Christopher and Farrar, Charles and Mascarenas, David}
  , booktitle={Unmanned Systems Technology XV}
  , volume={8741}
  , pages={874110}
  , year={2013}
  , organization={International Society for Optics and Photonics}
}

@inproceedings{intro-ros
  , title={ROS: an open-source Robot Operating System}
  , author={Quigley, Morgan and Conley, Ken and Gerkey, Brian and Faust, Josh and Foote, Tully and Leibs, Jeremy and Wheeler, Rob and Ng, Andrew Y and others}
  , booktitle={ICRA workshop on open source software}
  , volume={3}
  , pages={5}
  , year={2009}
  , organization={Kobe, Japan}
}

@misc{ros-access-control
  , title = {ROS 2 Access Control Policies}
  , author = {Ruffin White and Kyle Fazzari}
  , note = {\url{https://design.ros2.org/articles/ros2_access_control_policies.html}}
}

@misc{ros-security-enclaves
  , title = {ROS 2 Security Enclaves}
  , author = {Ruffin White and Mikael Arguedas}
  , note = {\url{https://design.ros2.org/articles/ros2_security_enclaves.html}}
}

@inproceedings{maruyama2016exploring
  , title={Exploring the performance of ROS2}
  , author={Maruyama, Yuya and Kato, Shinpei and Azumi, Takuya}
  , booktitle={Proceedings of the 13th International Conference on Embedded Software}
  , pages={1-10}
  , year={2016}
}

@article{diluoffo2018robot
  , title={Robot Operating System 2: The need for a holistic security approach to robotic architectures}
  , author={DiLuoffo, Vincenzo and Michalson, William R and Sunar, Berk}
  , journal={International Journal of Advanced Robotic Systems}
  , volume={15}
  , number={3}
  , pages={1729881418770011}
  , year={2018}
  , publisher={SAGE Publications Sage UK: London, England}
}

@inproceedings{mohamed2008middleware
  , title={Middleware for robotics: A survey}
  , author={Mohamed, Nader and Al-Jaroodi, Jameela and Jawhar, Imad}
  , booktitle={2008 IEEE Conference on Robotics, Automation and Mechatronics}
  , pages={736-742}
  , year={2008}
  , organization={Ieee}
}

@article{kim2018security
  , title={Security and performance considerations in ros 2: A balancing act}
  , author={Kim, Jongkil and Smereka, Jonathon M and Cheung, Calvin and Nepal, Surya and Grobler, Marthie}
  , journal={arXiv preprint arXiv:1809.09566}
  , year={2018}
}

@inproceedings{8442103
  , author={Beckman, Kai and Reininger, Jonas}
  , booktitle={2018 IEEE 13th International Symposium on Industrial Embedded Systems (SIES)} 
  , title={Adaptation of the DDS Security Standard for Resource-Constrained Sensor Networks} 
  , year={2018}
  , pages={1-4}
  , doi={10.1109/SIES.2018.8442103}
}

@article{craig2005introduction
  , title={Introduction to Robotics}
  , author={Craig, John J}
  , year={2005}
}

@misc{robots-everyday-life
  , title = {What Robots Are Used Today?}
  , note = {\url{https://sciencing.com/what-robots-are-used-today-12745877.html}}
}

@misc{robots-importance
  , title = {Why is Robotics important?}
  , note = {\url{https://www.onlynaturalenergy.com/why-is-robotics-important/}}
}

@article{marin2005network
  , title={Network security basics}
  , author={Marin, Gerald A}
  , journal={IEEE security \& privacy}
  , volume={3}
  , number={6}
  , pages={68-72}
  , year={2005}
  , publisher={IEEE}
}

@book{kaeo2004designing
  , title={Designing network security}
  , author={Kaeo, Merike}
  , year={2004}
  , publisher={Cisco Press}
}

@inproceedings{casini2019response
  , title={Response-time analysis of ros 2 processing chains under reservation-based scheduling}
  , author={Casini, Daniel and Bla{\ss}, Tobias and L{\"u}tkebohle, Ingo and Brandenburg, Bj{\"o}rn B}
  , booktitle={31st Euromicro Conference on Real-Time Systems (ECRTS 2019)}
  , year={2019}
  , organization={Schloss Dagstuhl-Leibniz-Zentrum fuer Informatik}
}

@article{white2016sros
  , title={SROS: Securing ROS over the wire, in the graph, and through the kernel}
  , author={White, Ruffin and Christensen, Dr and Henrik, I and Quigley, Dr and others}
  , journal={arXiv preprint arXiv:1611.07060}
  , year={2016}
}

@incollection{crick2017rosbridge
  , title={Rosbridge: Ros for non-ros users}
  , author={Crick, Christopher and Jay, Graylin and Osentoski, Sarah and Pitzer, Benjamin and Jenkins, Odest Chadwicke}
  , booktitle={Robotics Research}
  , pages={493-504}
  , year={2017}
  , publisher={Springer}
}

@article{diao2009design
  , title={Design of a real-time security assessment tool for situational awareness enhancement in modern power systems}
  , author={Diao, Ruisheng and Vittal, Vijay and Logic, Naim}
  , journal={IEEE Transactions on Power systems}
  , volume={25}
  , number={2}
  , pages={957--965}
  , year={2009}
  , publisher={IEEE}
}

@article{lin2009static
  , title={Static security optimization for real-time systems}
  , author={Lin, Man and Xu, Li and Yang, Laurence T and Qin, Xiao and Zheng, Nenggan and Wu, Zhaohui and Qiu, Meikang}
  , journal={IEEE Transactions on Industrial Informatics}
  , volume={5}
  , number={1}
  , pages={22--37}
  , year={2009}
  , publisher={IEEE}
}

@inproceedings{beyer2017software
  , title={Software verification: Testing vs. model checking}
  , author={Beyer, Dirk and Lemberger, Thomas}
  , booktitle={Haifa Verification Conference}
  , pages={99--114}
  , year={2017}
  , organization={Springer}
}

@misc{tcpros
  , title = {TCPROS}
  , note = {\url{http://wiki.ros.org/ROS/TCPROS}}
}

@misc{udpros
  , title = {UDPROS}
  , note = {\url{http://wiki.ros.org/ROS/UDPROS}}
}

@article{rtps
  , title={The real-time publish-subscribe protocol (RTPS) DDS interoperability wire protocol specification}
  , author={Specification, OMG}
  , journal={Object Manag Group Pct07-08-04}
  , year={2007}
}

@article{udp
  , title={User datagram protocol}
  , author={Postel, Jon and others}
  , year={1980}
  , publisher={STD 6, RFC 768, August}
}
